<record><leader>00000cas a22000007a 4500</leader><controlfield tag="001">32569998</controlfield><controlfield tag="008">950530d19711973nyuwr ne      0    0eng d</controlfield><datafield ind1=" " ind2=" " tag="010"><subfield code="a">sn 95071141 </subfield></datafield><datafield ind1=" " ind2=" " tag="040"><subfield code="a">NYS</subfield><subfield code="b">eng</subfield><subfield code="c">NYS</subfield><subfield code="d">OCLCQ</subfield></datafield><datafield ind1=" " ind2=" " tag="042"><subfield code="a">msc</subfield></datafield><datafield ind1="0" ind2=" " tag="130"><subfield code="a">Sun (Hamburg, N.Y.)</subfield></datafield><datafield ind1="1" ind2="4" tag="245"><subfield code="a">The sun.</subfield></datafield><datafield ind1="1" ind2="3" tag="246"><subfield code="a">Hamburg sun and the Erie County independent</subfield></datafield><datafield ind1="1" ind2="7" tag="246"><subfield code="a">Hamburg sun</subfield></datafield><datafield ind1=" " ind2=" " tag="260"><subfield code="a">Hamburg, N.Y. :</subfield><subfield code="b">Hamburg Sun</subfield></datafield><datafield ind1=" " ind2=" " tag="300"><subfield code="a">v.</subfield></datafield><datafield ind1=" " ind2=" " tag="310"><subfield code="a">Weekly</subfield></datafield><datafield ind1="0" ind2=" " tag="362"><subfield code="a">Vol. 96, no. 21 (Mar. 25, 1971)-v. 98, no. 25 (May 3, 1973).</subfield></datafield><datafield ind1=" " ind2=" " tag="500"><subfield code="a">"Weekly newspaper of the South Towns."</subfield></datafield><datafield ind1=" " ind2=" " tag="500"><subfield code="a">"Official newspaper for the Village of Hamburg [and the] Town of Eden," &lt;1972&gt;.</subfield></datafield><datafield ind1=" " ind2="4" tag="651"><subfield code="a">Hamburg (N.Y.)</subfield><subfield code="v">Newspapers.</subfield></datafield><datafield ind1=" " ind2="4" tag="651"><subfield code="a">Eden (N.Y. : Town)</subfield><subfield code="x">Newspapers</subfield><subfield code="y">&lt;1972&gt;</subfield></datafield><datafield ind1=" " ind2="4" tag="651"><subfield code="a">Erie County (N.Y.)</subfield><subfield code="v">Newspapers.</subfield></datafield><datafield ind1=" " ind2=" " tag="752"><subfield code="a">United States</subfield><subfield code="b">New York</subfield><subfield code="c">Erie</subfield><subfield code="d">Hamburg.</subfield></datafield><datafield ind1="0" ind2="0" tag="780"><subfield code="t">Hamburg sun (Hamburg, N.Y. : 1965)</subfield><subfield code="w">(DLC)sn 95071140</subfield></datafield><datafield ind1="0" ind2="0" tag="785"><subfield code="t">Hamburg sun and the Erie County independent (Hamburg, N.Y. : 1973)</subfield><subfield code="w">(DLC)sn 95071142</subfield></datafield><datafield ind1="1" ind2=" " tag="029"><subfield code="a">AU@</subfield><subfield code="b">000011755263</subfield></datafield></record>